@book{latex,
  title = {LaTeX : A Documentation Preparation System User's Guide and Reference Manual},
  publisher = {Addison-Wesley Professional},
  year = {1994},
  author = {Leslie Lamport}
}

@online{qemu_arch,
  author = {The QEMU Project Developers},
  title = {Supported build platforms},
  url = {https://www.qemu.org/docs/master/about/build-platforms.html#supported-host-architectures},
  urldate = {2024-02-25}
}

@online{qemu_tcg,
  author = {The QEMU Project Developers},
  title = {TCG Intermediate Representation},
  url = {https://www.qemu.org/docs/master/devel/tcg-ops.html},
  urldate = {2024-02-26}
}

@online{statscounter,
  author = {StatCounter},
  title = {Desktop vs Mobile vs Tablet Market Share Worldwide, Jan 2023 - Jan 2024},
  url = {https://gs.statcounter.com/platform-market-share/desktop-mobile-tablet},
  urldate = {2024-02-26}
}

@online{arancini,
  author = {Binary Translation},
  title = {Arancini Exploration},
  url = {https://github.com/binary-translation/arancini-exploration},
  urldate = {2024-02-27}
}

@online{qemu_issues,
  author = {QEMU Contributers},
  title = {Qemu Issues},
  url = {https://gitlab.com/qemu-project/qemu/-/issues/},
  urldate = {2024-02-29}
}

@online{cloc,
  author = {Al Danial},
  title = {cloc},
  url = {https://github.com/AlDanial/cloc},
  urldate = {2024-03-03}
}

@online{Rosetta,
  author = {Apple Inc.},
  title = {About the Rosetta Translation Environment},
  url = {https://developer.apple.com/documentation/apple-silicon/about-the-rosetta-translation-environment},
  urldate = {2024-03-09}
}

@online{qemu_661,
  author = {Paolo Bonzini},
  title = {Unable to enable 5 level paging},
  url = {https://gitlab.com/qemu-project/qemu/-/issues/661},
  urldate = {2024-03-13}
}

@online{qemu_1659,
  author = {Dmitriy Poluyanov},
  title = {x86 vm fails to stop on Darwin aarch64 when qemu compiled with -O1/-O2},
  url = {https://gitlab.com/qemu-project/qemu/-/issues/1659},
  urldate = {2024-03-13}
}

@online{qemu_2101,
  author = {Jianhong Yin},
  title = {[qemu-user/qemu-x86\_64] run x86\_64 'ls /' on aarch64 platform get wrong result},
  url = {https://gitlab.com/qemu-project/qemu/-/issues/2101},
  urldate = {2024-03-13}
}

@online{qemu_2168,
  author = {Christopher Fore},
  title = {qemu-x86\_64: segfault when running grep on arm64 host},
  url = {https://gitlab.com/qemu-project/qemu/-/issues/2168},
  urldate = {2024-03-13}
}


@article{radicati,
  author  = {The Radicati Group, Inc},
  title   = {Mobile Statistics Report, 2021-2025},
  year    = {2021},
  pages   = {1-3}
}

@article{desclaux2012miasm,
  title={Miasm: Framework de reverse engineering},
  author={Desclaux, Fabrice},
  journal={Actes du SSTIC. SSTIC},
  year={2012}
}


@inproceedings{rocha2022lasagne,
  title={Lasagne: a static binary translator for weak memory model architectures},
  author={Rocha, Rodrigo CO and Sprokholt, Dennis and Fink, Martin and Gouicem, Redha and Spink, Tom and Chakraborty, Soham and Bhatotia, Pramod},
  booktitle={Proceedings of the 43rd ACM SIGPLAN International Conference on Programming Language Design and Implementation},
  pages={888--902},
  year={2022}
}

@inproceedings{gouicem2022risotto,
  title={Risotto: A Dynamic Binary Translator for Weak Memory Model Architectures},
  author={Gouicem, Redha and Sprokholt, Dennis and Ruehl, Jasper and Rocha, Rodrigo CO and Spink, Tom and Chakraborty, Soham and Bhatotia, Pramod},
  booktitle={Proceedings of the 28th ACM International Conference on Architectural Support for Programming Languages and Operating Systems, Volume 1},
  pages={107--122},
  year={2022}
}

@book{intel_manual,
  title={Intel® 64 and IA-32 Architectures Software Developer’s Manual},
  author={Intel},
  year={2023},
  note={\url{https://www.intel.com/content/www/us/en/developer/articles/technical/intel-sdm.html}}
}

@book{arm_manual,
  title={Arm Architecture Reference Manual for A-profile architecture},
  author={Arm Holdings plc},
  year={2023},
  note={\url{https://developer.arm.com/documentation/ddi0487/ja/}}
}

@book{sloc,
  title={Code Complete},
  author={Steve McConnell},
  publisher = {Microsoft Press},
  year={1993},
}

@inproceedings{chipounov2009selective,
  title={Selective symbolic execution},
  author={Chipounov, Vitaly and Georgescu, Vlad and Zamfir, Cristian and Candea, George},
  booktitle={Proceedings of the 5th Workshop on Hot Topics in System Dependability (HotDep)},
  year={2009}
}

@inproceedings{poeplau2021symqemu,
  title={SymQEMU: Compilation-based symbolic execution for binaries},
  author={Poeplau, Sebastian and Francillon, Aur{\'e}lien},
  booktitle={NDSS 2021, Network and Distributed System Security Symposium},
  year={2021},
  organization={Internet Society}
}

@article{jeon2012symdroid,
  title={SymDroid: Symbolic execution for Dalvik bytecode},
  author={Jeon, Jinseong and Micinski, Kristopher K and Foster, Jeffrey S},
  journal={University of Maryland, Tech. Rep},
  volume={7},
  year={2012}
}

@inproceedings{gao2018android,
  title={Android testing via synthetic symbolic execution},
  author={Gao, Xiang and Tan, Shin Hwei and Dong, Zhen and Roychoudhury, Abhik},
  booktitle={Proceedings of the 33rd ACM/IEEE International Conference on Automated Software Engineering},
  pages={419--429},
  year={2018}
}

@inproceedings{yan2018fast,
  title={Fast PokeEMU: Scaling generated instruction tests using aggregation and state chaining},
  author={Yan, Qiuchen and McCamant, Stephen},
  booktitle={Proceedings of the 14th ACM SIGPLAN/SIGOPS International Conference on Virtual Execution Environments},
  pages={71--83},
  year={2018}
}

@inproceedings{fonseca2018multinyx,
  title={Multinyx: a multi-level abstraction framework for systematic analysis of hypervisors},
  author={Fonseca, Pedro and Wang, Xi and Krishnamurthy, Arvind},
  booktitle={Proceedings of the Thirteenth EuroSys Conference},
  pages={1--12},
  year={2018}
}
